<collection xmlns="http://www.loc.gov/MARC21/slim">
<record>
  <leader>01573nam0a22002291i 450 </leader>
  <controlfield tag="001">IT\ICCU\CNCE\070936</controlfield>
  <controlfield tag="005">20070613000000.0</controlfield>
  <datafield tag="012" ind1=" " ind2=" ">
    <subfield code="a">a&amp;n- mile o,no CoTr (3) 1536 (R)</subfield>
    <subfield code="2">fei</subfield>
  </datafield>
  <datafield tag="100" ind1=" " ind2=" ">
    <subfield code="a">20070608d1536        0itac0103    ba</subfield>
  </datafield>
  <datafield tag="101" ind1=" " ind2=" ">
    <subfield code="a">ITA</subfield>
  </datafield>
  <datafield tag="102" ind1=" " ind2=" ">
    <subfield code="a">IT</subfield>
  </datafield>
  <datafield tag="200" ind1="1" ind2=" ">
    <subfield code="a">Triomphi di Carlo di messer Francesco d&apos;i Lodouici. - Libro nouo di romanzo intitolato i triomphi di Carlo a modo nouo da tutti gli altri diuerso, nouamente composto, nel quale similmente tutte cose noue si contengono, &amp; da tutte laltre gia dette daltruidel tutto diuerse cio ̈pomposissimi &amp; superbi triomphi di Carlo Magno ... -</subfield>
  </datafield>
  <datafield tag="205" ind1=" " ind2=" ">
    <subfield code="a">Libro nouo di romanzo intitolato i triomphi di Carlo a modo nouo da tutti gli altri diuerso, nouamente composto, nel quale similmente tutte cose noue si contengono, &amp; da tutte laltre gia dette daltrui del tutto diuerse cio ̈pomposissimi &amp; superbi triomphi</subfield>
  </datafield>
  <datafield tag="210" ind1=" " ind2=" ">
    <subfield code="d">1536</subfield>
    <subfield code="e">Stampato in Vinegia</subfield>
    <subfield code="g"></subfield>
    <subfield code="h">1535 del mese di settembre</subfield>
  </datafield>
  <datafield tag="215" ind1=" " ind2=" ">
    <subfield code="a">\4!, 215, \1! c.</subfield>
    <subfield code="d">4o. ((Front. in cornice xilogr. - Segn.: *́þ A-2D́ı. - Ultima c. bianca</subfield>
  </datafield>
  <datafield tag="300" ind1=" " ind2=" ">
    <subfield code="a">Annullata, vedi 23310</subfield>
  </datafield>
  <datafield tag="620" ind1=" " ind2=" ">
    <subfield code="a">IT</subfield>
    <subfield code="d">Venezia</subfield>
  </datafield>
  <datafield tag="700" ind1=" " ind2="1">
    <subfield code="a">Lodovici,</subfield>
    <subfield code="b">Francesco : de</subfield>
    <subfield code="3">IT\ICCU\CNCA\006658</subfield>
  </datafield>
  <datafield tag="712" ind1="0" ind2="0">
    <subfield code="a">Bindoni, Francesco &lt;1.&gt; &amp; Pasini, Maffeo</subfield>
    <subfield code="3">IT\ICCU\CNCT\000060</subfield>
    <subfield code="4">650</subfield>
  </datafield>
  <datafield tag="791" ind1="0" ind2="2">
    <subfield code="a">℗al segno dell&apos;℗Angelo Raffaele</subfield>
    <subfield code="c"> &lt;1531-1546&gt;</subfield>
    <subfield code="3">IT\ICCU\CNCT\002984</subfield>
    <subfield code="z">Bindoni, Francesco &lt;1.&gt; &amp; Pasini, Maffeo</subfield>
  </datafield>
  <datafield tag="801" ind1=" " ind2="3">
    <subfield code="a">IT</subfield>
    <subfield code="b">ICCU</subfield>
    <subfield code="c">20201115</subfield>
  </datafield>
  <datafield tag="899" ind1=" " ind2=" ">
    <subfield code="a">Biblioteca nazionale Braidense. Milano</subfield>
    <subfield code="1">MI0185</subfield>
    <subfield code="2">MIL NB</subfield>
  </datafield>
</record>
</collection>
